@article{shannon2001mathematical,
  title={A mathematical theory of communication},
  author={Shannon, Claude Elwood},
  journal={ACM SIGMOBILE Mobile Computing and Communications Review},
  volume={5},
  number={1},
  pages={3--55},
  year={2001},
  publisher={ACM}
}

@book{jurafsky2000speech,
  title={Speech and language processing: An introduction to natural language processing, computational linguistics, and speech recognition},
  author={Jurafsky, Dan and Martin, James H and Kehler, Andrew and Vander Linden, Keith and Ward, Nigel},
  volume={2},
  year={2000},
  publisher={MIT Press}
}

@inproceedings{saul1997aggregate,
  title={Aggregate and mixed-order Markov models for statistical language processing},
  author={Saul, Lawrence and Pereira, Fernando},
  booktitle={Proceedings of the second conference on empirical methods in natural language processing},
  pages={81--89},
  year={1997},
  organization={Somerset, New Jersey: Association for Computational Linguistics}
}

@article{piston1978harmony,
  title={Harmony},
  author={Piston, Walter and DeVoto, Mark and Jannery, Arthur},
  year={1978},
  publisher={Norton}
}

@inproceedings{kuhn1988speech,
  title={Speech recognition and the frequency of recently used words: A modified markov model for natural language},
  author={Kuhn, Roland},
  booktitle={Proceedings of the 12th conference on Computational linguistics-Volume 1},
  pages={348--350},
  year={1988},
  organization={Association for Computational Linguistics}
}

@article{roads1979grammars,
  title={Grammars as representations for music},
  author={Roads, Curtis and Wieneke, Paul},
  journal={Computer Music Journal},
  volume={3},
  number={1},
  pages={48--55},
  year={1979},
  publisher={The MIT Press}
}

@article{rohrmeier2011towards,
  title={Towards a generative syntax of tonal harmony},
  author={Rohrmeier, Martin},
  journal={Journal of Mathematics and Music},
  volume={5},
  number={1},
  pages={35--53},
  year={2011},
  publisher={Taylor \& Francis}
}

@article{pedregosa2011scikit,
  title={Scikit-learn: Machine learning in Python},
  author={Pedregosa, Fabian and Varoquaux, Ga{\"e}l and Gramfort, Alexandre and Michel, Vincent and Thirion, Bertrand and Grisel, Olivier and Blondel, Mathieu and Prettenhofer, Peter and Weiss, Ron and Dubourg, Vincent and others},
  journal={The Journal of Machine Learning Research},
  volume={12},
  pages={2825--2830},
  year={2011},
  publisher={JMLR. org}
}

@inproceedings{cuthbert2010music21,
  title={Music21: A Toolkit for Computer-Aided Musicology and Symbolic Music Data.},
  author={Cuthbert, Michael Scott and Ariza, Christopher},
  booktitle={ISMIR},
  pages={637--642},
  year={2010}
}

@article{jones2001scipy,
  title={SciPy: Open source scientific tools for Python},
  author={Jones, Eric and Oliphant, Travis and Peterson, Pearu},
  journal={http://www. scipy. org/},
  year={2001}
}

@online{ghmm,
title={The General Hidden Markov Model Library (GHMM)},
author={Schliep, Alexander},
year={2013},
url={http://ghmm.org/}
}

@inproceedings{rohrmeier2008statistical,
  title={Statistical properties of tonal harmony in Bachâ€™s chorales},
  author={Rohrmeier, Martin and Cross, Ian},
  booktitle={Proceedings of the 10th international conference on music perception and cognition},
  pages={619--627},
  year={2008}
}

@article{baroni1983concept,
  title={The concept of musical grammar},
  author={Baroni, Mario and Maguire, Simon and Drabkin, William},
  journal={Music Analysis},
  volume={2},
  number={2},
  pages={175--208},
  year={1983},
  publisher={JSTOR}
}

@article{white,
  title={There are Three and Thirteen Functions in the Bach Chorales},
  author={Christopher White},
  year={2013},
  url={http://christopherwmwhite.commons.yale.edu/files/There-are-Three-and-Thirteen-Functions-in-the-Bach-Chorales-Chris-White1.pdf}
}

@dissertation{white2,
  title={Some Statistical Properties of Tonality 1650-1900 (Draft)},
  author={Christopher White},
  year={2013},
  url={http://christopherwmwhite.commons.yale.edu/files/Some-Statistical-Properties-of-Tonality-1650-1900.pdf},
}

@book{harrison1994harmonic,
  title={Harmonic function in chromatic music: A renewed dualist theory and an account of its precedents},
  author={Harrison, Daniel},
  year={1994},
  publisher={University of Chicago Press}
}

